%% This is a collection of stubs of the most frequently used bibtex entries
%% with the required fields. Please refer to BibTeX/BibLaTeX docs for
%% additional details.
%% http://biblatex-biber.sourceforge.net/

% https://news.stanford.edu/press-releases/2018/05/30/war-clan-structubiological-event/
% https://www.simiode.org/resources/5516/download/Problem_A_-_PatrilinealClans.pdf?b32e95632eaefb8eadeb7751bc6dc114=1
% http://www.farmlandlp.com/2012/01/one-acre-feeds-a-person/
% http://monkeysuncle.stanford.edu/?p=933
% http://dieoff.org/page40.htm
%% A document having an author and title, but not formally published
@unpublished{problem,
  author = "SIMIODE",
  title  = "{Problem A - Conflict Between Patrilineal Clans}",
  note   = "SCUDEM III 2018",
  month  = "October",
  year   = 2018
}

@unpublished{news,
  author = "Nathan Collins",
  title  = "{Wars and clan structure may explain a strange biological event 7,000 years ago, Stanford researchers find}",
  note   = "Stanford News Service",
  month  = "May",
  year   = 2018
}

@unpublished{farm,
  author = "David Pimentel and Mario Giampietro",
  title  = "{FOOD, LAND, POPULATION and the U.S. ECONOMY}",
  % note   = "São Paulo School of Advanced Science on Algorithms, Combinatorics and Optimization",
  month  = "November",
  year   = 1994
}

@unpublished{logistic,
  author = "Flávio K. Miyazawa",
  title  = "Approximation Algorithms for Circle Packing",
  note   = "São Paulo School of Advanced Science on Algorithms, Combinatorics and Optimization",
  month  = "July",
  year   = 2016
}

@unpublished{circle_area,
  author = "Weisstein, Eric W.",
  title  = "Circle-Circle Intersection",
  note   = "From MathWorld--A Wolfram Web Resource.",
  year   = 2002
}


@unpublished{euler_method,
  author = "Weisstein, Eric W.",
  title  = "Euler Forward Method",
  note   = "From MathWorld--A Wolfram Web Resource.",
  year   = 2001
}


% @article{problem,
%   author    = "Juan Flores, Jose Martinez, Felix Calderon",
%   title     = "Evolutionary Computation Solultions to the Circle Packing Problem",
%   journal   = "Soft Computing",
%   volume    = 4,
%   year      = 2015
% }

% %% An article from a journal or magazine.
% @article{news,
%   author    = "Gerald L. Orick, Kenneth Stephenson, Charles Collins",
%   title     = "A Linearized Circle Packing Algorithm",
%   journal   = "Computational Geometry",
%   volume    = 64,
%   year      = 2017
% }

% %% An article from a journal or magazine.
% @article{farm,
%   author    = "Ignacio Castillo, Frank J. Kampas, Janas D. Pintér",
%   title     = "Solving Circle Packing Problems by Global Optimization: Numerical Results and industrial applications",
%   journal   = "European Journal of Operational Research",
%   volume    = "191",
%   year      = 2008
% }

% %% An article from a journal or magazine.
% @article{densepackings,
%   author    = "R.L. Graham, B.D. Lubachevsky, K.J. Nurmela, P.R.J. Östergård",
%   title     = "Dense Packings of Congruent Circles in a Circle",
%   journal   = "Discrete Mathematics",
%   volume    = 181,
%   year      = 1998
% }

% @Inbook{binpacking,
% title="Bin-Packing",
% bookTitle="Combinatorial Optimization: Theory and Algorithms",
% year="2006",
% publisher="Springer Berlin Heidelberg",
% address="Berlin, Heidelberg",
% pages="426--441",
% isbn="978-3-540-29297-5",
% doi="10.1007/3-540-29297-7_18",
% url="https://doi.org/10.1007/3-540-29297-7_18"
% }

% @misc{packomania,
%   title = "Packomania",
%   howpublished = "\url{www.packomania.com}",
%   note = "Accessed: 2018-04-23",
%   month = "October",
%   year = 2015
% }